<?xml version="1.0" encoding="UTF-8"?><collection xmlns="http://www.loc.gov/MARC21/slim"><record><leader>00417nam--2200145-i-4500</leader><controlfield tag="001">000029878</controlfield><controlfield tag="002">20161230</controlfield><controlfield tag="005">20161230201037</controlfield><controlfield tag="008">060222s1000------------r-----000-0-eng-d</controlfield><datafield ind1=" " ind2=" " tag="080"><subfield code="a">514.763.76:530.1</subfield></datafield><datafield ind1=" " ind2=" " tag="100"><subfield code="a">Lu, Yung-chen</subfield></datafield><datafield ind1=" " ind2=" " tag="245"><subfield code="a">Singularity theory and an introduction to catastrophe theory</subfield></datafield><datafield ind1=" " ind2=" " tag="260"><subfield code="a">New York, Springer-verlag, 1976, Xii + 199p</subfield></datafield><datafield ind1=" " ind2=" " tag="852"><subfield code="a">48669</subfield><subfield code="c">513.83</subfield></datafield><datafield ind1=" " ind2=" " tag="CAT"><subfield code="a">Sys</subfield><subfield code="c">20080609</subfield><subfield code="h">104557</subfield></datafield></record></collection>